%% LaTeX2e file `praca.bib'
%% generated by the `filecontents' environment
%% from source `praca' on 2017/07/17.
%%
@book{QueueSystems,
    author    = "Leonard Kleinrock",
    maintitle     = "Queueing Systems",
    volume     = "1",
    title     = "Theory",
    publisher = "Wiley-Interscience",
    year      = "1975",
    ISBN      = "0471491101",
}
